%YAML 1.1
%TAG !u! tag:unity3d.com,2011:
--- !u!29 &1
OcclusionCullingSettings:
  m_ObjectHideFlags: 0
  serializedVersion: 2
  m_OcclusionBakeSettings:
    smallestOccluder: 5
    smallestHole: 0.25
    backfaceThreshold: 100
  m_SceneGUID: 00000000000000000000000000000000
  m_OcclusionCullingData: {fileID: 0}
--- !u!104 &2
RenderSettings:
  m_ObjectHideFlags: 0
  serializedVersion: 9
  m_Fog: 0
  m_FogColor: {r: 0.5, g: 0.5, b: 0.5, a: 1}
  m_FogMode: 3
  m_FogDensity: 0.01
  m_LinearFogStart: 0
  m_LinearFogEnd: 300
  m_AmbientSkyColor: {r: 0.212, g: 0.227, b: 0.259, a: 1}
  m_AmbientEquatorColor: {r: 0.114, g: 0.125, b: 0.133, a: 1}
  m_AmbientGroundColor: {r: 0.047, g: 0.043, b: 0.035, a: 1}
  m_AmbientIntensity: 1
  m_AmbientMode: 3
  m_SubtractiveShadowColor: {r: 0.42, g: 0.478, b: 0.627, a: 1}
  m_SkyboxMaterial: {fileID: 0}
  m_HaloStrength: 0.5
  m_FlareStrength: 1
  m_FlareFadeSpeed: 3
  m_HaloTexture: {fileID: 0}
  m_SpotCookie: {fileID: 10001, guid: 0000000000000000e000000000000000, type: 0}
  m_DefaultReflectionMode: 0
  m_DefaultReflectionResolution: 128
  m_ReflectionBounces: 1
  m_ReflectionIntensity: 1
  m_CustomReflection: {fileID: 0}
  m_Sun: {fileID: 0}
  m_IndirectSpecularColor: {r: 0, g: 0, b: 0, a: 1}
  m_UseRadianceAmbientProbe: 0
--- !u!157 &3
LightmapSettings:
  m_ObjectHideFlags: 0
  serializedVersion: 11
  m_GIWorkflowMode: 1
  m_GISettings:
    serializedVersion: 2
    m_BounceScale: 1
    m_IndirectOutputScale: 1
    m_AlbedoBoost: 1
    m_EnvironmentLightingMode: 0
    m_EnableBakedLightmaps: 0
    m_EnableRealtimeLightmaps: 0
  m_LightmapEditorSettings:
    serializedVersion: 12
    m_Resolution: 2
    m_BakeResolution: 40
    m_AtlasSize: 1024
    m_AO: 0
    m_AOMaxDistance: 1
    m_CompAOExponent: 1
    m_CompAOExponentDirect: 0
    m_ExtractAmbientOcclusion: 0
    m_Padding: 2
    m_LightmapParameters: {fileID: 0}
    m_LightmapsBakeMode: 1
    m_TextureCompression: 1
    m_FinalGather: 0
    m_FinalGatherFiltering: 1
    m_FinalGatherRayCount: 256
    m_ReflectionCompression: 2
    m_MixedBakeMode: 2
    m_BakeBackend: 1
    m_PVRSampling: 1
    m_PVRDirectSampleCount: 32
    m_PVRSampleCount: 512
    m_PVRBounces: 2
    m_PVREnvironmentSampleCount: 256
    m_PVREnvironmentReferencePointCount: 2048
    m_PVRFilteringMode: 1
    m_PVRDenoiserTypeDirect: 1
    m_PVRDenoiserTypeIndirect: 1
    m_PVRDenoiserTypeAO: 1
    m_PVRFilterTypeDirect: 0
    m_PVRFilterTypeIndirect: 0
    m_PVRFilterTypeAO: 0
    m_PVREnvironmentMIS: 1
    m_PVRCulling: 1
    m_PVRFilteringGaussRadiusDirect: 1
    m_PVRFilteringGaussRadiusIndirect: 5
    m_PVRFilteringGaussRadiusAO: 2
    m_PVRFilteringAtrousPositionSigmaDirect: 0.5
    m_PVRFilteringAtrousPositionSigmaIndirect: 2
    m_PVRFilteringAtrousPositionSigmaAO: 1
    m_ExportTrainingData: 0
    m_TrainingDataDestination: TrainingData
    m_LightProbeSampleCountMultiplier: 4
  m_LightingDataAsset: {fileID: 0}
  m_UseShadowmask: 1
--- !u!196 &4
NavMeshSettings:
  serializedVersion: 2
  m_ObjectHideFlags: 0
  m_BuildSettings:
    serializedVersion: 2
    agentTypeID: 0
    agentRadius: 0.5
    agentHeight: 2
    agentSlope: 45
    agentClimb: 0.4
    ledgeDropHeight: 0
    maxJumpAcrossDistance: 0
    minRegionArea: 2
    manualCellSize: 0
    cellSize: 0.16666667
    manualTileSize: 0
    tileSize: 256
    accuratePlacement: 0
    debug:
      m_Flags: 0
  m_NavMeshData: {fileID: 0}
--- !u!1001 &66284585
PrefabInstance:
  m_ObjectHideFlags: 0
  serializedVersion: 2
  m_Modification:
    m_TransformParent: {fileID: 0}
    m_Modifications:
    - target: {fileID: 133708715920674884, guid: 334b85fb8835a6f4eac91aa7077f6608,
        type: 3}
      propertyPath: m_Name
      value: EndChest
      objectReference: {fileID: 0}
    - target: {fileID: 133708715920674905, guid: 334b85fb8835a6f4eac91aa7077f6608,
        type: 3}
      propertyPath: m_RootOrder
      value: 5
      objectReference: {fileID: 0}
    - target: {fileID: 133708715920674905, guid: 334b85fb8835a6f4eac91aa7077f6608,
        type: 3}
      propertyPath: m_LocalPosition.x
      value: -1.6410785
      objectReference: {fileID: 0}
    - target: {fileID: 133708715920674905, guid: 334b85fb8835a6f4eac91aa7077f6608,
        type: 3}
      propertyPath: m_LocalPosition.y
      value: 0.6094866
      objectReference: {fileID: 0}
    - target: {fileID: 133708715920674905, guid: 334b85fb8835a6f4eac91aa7077f6608,
        type: 3}
      propertyPath: m_LocalPosition.z
      value: 0
      objectReference: {fileID: 0}
    - target: {fileID: 133708715920674905, guid: 334b85fb8835a6f4eac91aa7077f6608,
        type: 3}
      propertyPath: m_LocalRotation.w
      value: 1
      objectReference: {fileID: 0}
    - target: {fileID: 133708715920674905, guid: 334b85fb8835a6f4eac91aa7077f6608,
        type: 3}
      propertyPath: m_LocalRotation.x
      value: 0
      objectReference: {fileID: 0}
    - target: {fileID: 133708715920674905, guid: 334b85fb8835a6f4eac91aa7077f6608,
        type: 3}
      propertyPath: m_LocalRotation.y
      value: 0
      objectReference: {fileID: 0}
    - target: {fileID: 133708715920674905, guid: 334b85fb8835a6f4eac91aa7077f6608,
        type: 3}
      propertyPath: m_LocalRotation.z
      value: 0
      objectReference: {fileID: 0}
    - target: {fileID: 133708715920674905, guid: 334b85fb8835a6f4eac91aa7077f6608,
        type: 3}
      propertyPath: m_LocalEulerAnglesHint.x
      value: 0
      objectReference: {fileID: 0}
    - target: {fileID: 133708715920674905, guid: 334b85fb8835a6f4eac91aa7077f6608,
        type: 3}
      propertyPath: m_LocalEulerAnglesHint.y
      value: 0
      objectReference: {fileID: 0}
    - target: {fileID: 133708715920674905, guid: 334b85fb8835a6f4eac91aa7077f6608,
        type: 3}
      propertyPath: m_LocalEulerAnglesHint.z
      value: 0
      objectReference: {fileID: 0}
    m_RemovedComponents: []
  m_SourcePrefab: {fileID: 100100000, guid: 334b85fb8835a6f4eac91aa7077f6608, type: 3}
--- !u!1001 &123243803
PrefabInstance:
  m_ObjectHideFlags: 0
  serializedVersion: 2
  m_Modification:
    m_TransformParent: {fileID: 0}
    m_Modifications:
    - target: {fileID: 123243805, guid: 98f49334c2871944f81fa680e0173bfe, type: 3}
      propertyPath: canvas
      value: 
      objectReference: {fileID: 1180673111}
    - target: {fileID: 123243805, guid: 98f49334c2871944f81fa680e0173bfe, type: 3}
      propertyPath: objectTranparence.Array.size
      value: 1
      objectReference: {fileID: 0}
    - target: {fileID: 123243805, guid: 98f49334c2871944f81fa680e0173bfe, type: 3}
      propertyPath: objectTranparence.Array.data[0]
      value: 
      objectReference: {fileID: 1180673111}
    - target: {fileID: 4891637462188319795, guid: 98f49334c2871944f81fa680e0173bfe,
        type: 3}
      propertyPath: m_RootOrder
      value: 4
      objectReference: {fileID: 0}
    - target: {fileID: 4891637462188319795, guid: 98f49334c2871944f81fa680e0173bfe,
        type: 3}
      propertyPath: m_LocalPosition.x
      value: -3.5567217
      objectReference: {fileID: 0}
    - target: {fileID: 4891637462188319795, guid: 98f49334c2871944f81fa680e0173bfe,
        type: 3}
      propertyPath: m_LocalPosition.y
      value: 0.57402146
      objectReference: {fileID: 0}
    - target: {fileID: 4891637462188319795, guid: 98f49334c2871944f81fa680e0173bfe,
        type: 3}
      propertyPath: m_LocalPosition.z
      value: 0
      objectReference: {fileID: 0}
    - target: {fileID: 4891637462188319795, guid: 98f49334c2871944f81fa680e0173bfe,
        type: 3}
      propertyPath: m_LocalRotation.w
      value: 1
      objectReference: {fileID: 0}
    - target: {fileID: 4891637462188319795, guid: 98f49334c2871944f81fa680e0173bfe,
        type: 3}
      propertyPath: m_LocalRotation.x
      value: 0
      objectReference: {fileID: 0}
    - target: {fileID: 4891637462188319795, guid: 98f49334c2871944f81fa680e0173bfe,
        type: 3}
      propertyPath: m_LocalRotation.y
      value: 0
      objectReference: {fileID: 0}
    - target: {fileID: 4891637462188319795, guid: 98f49334c2871944f81fa680e0173bfe,
        type: 3}
      propertyPath: m_LocalRotation.z
      value: 0
      objectReference: {fileID: 0}
    - target: {fileID: 4891637462188319795, guid: 98f49334c2871944f81fa680e0173bfe,
        type: 3}
      propertyPath: m_LocalEulerAnglesHint.x
      value: 0
      objectReference: {fileID: 0}
    - target: {fileID: 4891637462188319795, guid: 98f49334c2871944f81fa680e0173bfe,
        type: 3}
      propertyPath: m_LocalEulerAnglesHint.y
      value: 0
      objectReference: {fileID: 0}
    - target: {fileID: 4891637462188319795, guid: 98f49334c2871944f81fa680e0173bfe,
        type: 3}
      propertyPath: m_LocalEulerAnglesHint.z
      value: 0
      objectReference: {fileID: 0}
    - target: {fileID: 4891637462188319806, guid: 98f49334c2871944f81fa680e0173bfe,
        type: 3}
      propertyPath: m_Name
      value: BlueChest
      objectReference: {fileID: 0}
    m_RemovedComponents: []
  m_SourcePrefab: {fileID: 100100000, guid: 98f49334c2871944f81fa680e0173bfe, type: 3}
--- !u!1001 &275895003
PrefabInstance:
  m_ObjectHideFlags: 0
  serializedVersion: 2
  m_Modification:
    m_TransformParent: {fileID: 0}
    m_Modifications:
    - target: {fileID: 275895005, guid: 965dcf6de0754974c93ebf40457e4de3, type: 3}
      propertyPath: platform
      value: 
      objectReference: {fileID: 1799926913}
    - target: {fileID: 133708715920674884, guid: 965dcf6de0754974c93ebf40457e4de3,
        type: 3}
      propertyPath: m_Name
      value: PlatformChest
      objectReference: {fileID: 0}
    - target: {fileID: 133708715920674905, guid: 965dcf6de0754974c93ebf40457e4de3,
        type: 3}
      propertyPath: m_RootOrder
      value: 2
      objectReference: {fileID: 0}
    - target: {fileID: 133708715920674905, guid: 965dcf6de0754974c93ebf40457e4de3,
        type: 3}
      propertyPath: m_LocalPosition.x
      value: -0.30578828
      objectReference: {fileID: 0}
    - target: {fileID: 133708715920674905, guid: 965dcf6de0754974c93ebf40457e4de3,
        type: 3}
      propertyPath: m_LocalPosition.y
      value: 0.6106713
      objectReference: {fileID: 0}
    - target: {fileID: 133708715920674905, guid: 965dcf6de0754974c93ebf40457e4de3,
        type: 3}
      propertyPath: m_LocalPosition.z
      value: 0
      objectReference: {fileID: 0}
    - target: {fileID: 133708715920674905, guid: 965dcf6de0754974c93ebf40457e4de3,
        type: 3}
      propertyPath: m_LocalRotation.w
      value: 1
      objectReference: {fileID: 0}
    - target: {fileID: 133708715920674905, guid: 965dcf6de0754974c93ebf40457e4de3,
        type: 3}
      propertyPath: m_LocalRotation.x
      value: 0
      objectReference: {fileID: 0}
    - target: {fileID: 133708715920674905, guid: 965dcf6de0754974c93ebf40457e4de3,
        type: 3}
      propertyPath: m_LocalRotation.y
      value: 0
      objectReference: {fileID: 0}
    - target: {fileID: 133708715920674905, guid: 965dcf6de0754974c93ebf40457e4de3,
        type: 3}
      propertyPath: m_LocalRotation.z
      value: 0
      objectReference: {fileID: 0}
    - target: {fileID: 133708715920674905, guid: 965dcf6de0754974c93ebf40457e4de3,
        type: 3}
      propertyPath: m_LocalEulerAnglesHint.x
      value: 0
      objectReference: {fileID: 0}
    - target: {fileID: 133708715920674905, guid: 965dcf6de0754974c93ebf40457e4de3,
        type: 3}
      propertyPath: m_LocalEulerAnglesHint.y
      value: 0
      objectReference: {fileID: 0}
    - target: {fileID: 133708715920674905, guid: 965dcf6de0754974c93ebf40457e4de3,
        type: 3}
      propertyPath: m_LocalEulerAnglesHint.z
      value: 0
      objectReference: {fileID: 0}
    m_RemovedComponents: []
  m_SourcePrefab: {fileID: 100100000, guid: 965dcf6de0754974c93ebf40457e4de3, type: 3}
--- !u!1001 &323720825
PrefabInstance:
  m_ObjectHideFlags: 0
  serializedVersion: 2
  m_Modification:
    m_TransformParent: {fileID: 0}
    m_Modifications:
    - target: {fileID: 5260698609295765353, guid: 3dfb573158635c648adeb917de7d56a7,
        type: 3}
      propertyPath: m_RootOrder
      value: 3
      objectReference: {fileID: 0}
    - target: {fileID: 5260698609295765353, guid: 3dfb573158635c648adeb917de7d56a7,
        type: 3}
      propertyPath: m_LocalPosition.x
      value: -6.156775
      objectReference: {fileID: 0}
    - target: {fileID: 5260698609295765353, guid: 3dfb573158635c648adeb917de7d56a7,
        type: 3}
      propertyPath: m_LocalPosition.y
      value: 0.61
      objectReference: {fileID: 0}
    - target: {fileID: 5260698609295765353, guid: 3dfb573158635c648adeb917de7d56a7,
        type: 3}
      propertyPath: m_LocalPosition.z
      value: 0
      objectReference: {fileID: 0}
    - target: {fileID: 5260698609295765353, guid: 3dfb573158635c648adeb917de7d56a7,
        type: 3}
      propertyPath: m_LocalRotation.w
      value: 1
      objectReference: {fileID: 0}
    - target: {fileID: 5260698609295765353, guid: 3dfb573158635c648adeb917de7d56a7,
        type: 3}
      propertyPath: m_LocalRotation.x
      value: 0
      objectReference: {fileID: 0}
    - target: {fileID: 5260698609295765353, guid: 3dfb573158635c648adeb917de7d56a7,
        type: 3}
      propertyPath: m_LocalRotation.y
      value: 0
      objectReference: {fileID: 0}
    - target: {fileID: 5260698609295765353, guid: 3dfb573158635c648adeb917de7d56a7,
        type: 3}
      propertyPath: m_LocalRotation.z
      value: 0
      objectReference: {fileID: 0}
    - target: {fileID: 5260698609295765353, guid: 3dfb573158635c648adeb917de7d56a7,
        type: 3}
      propertyPath: m_LocalEulerAnglesHint.x
      value: 0
      objectReference: {fileID: 0}
    - target: {fileID: 5260698609295765353, guid: 3dfb573158635c648adeb917de7d56a7,
        type: 3}
      propertyPath: m_LocalEulerAnglesHint.y
      value: 0
      objectReference: {fileID: 0}
    - target: {fileID: 5260698609295765353, guid: 3dfb573158635c648adeb917de7d56a7,
        type: 3}
      propertyPath: m_LocalEulerAnglesHint.z
      value: 0
      objectReference: {fileID: 0}
    - target: {fileID: 5260698609295765355, guid: 3dfb573158635c648adeb917de7d56a7,
        type: 3}
      propertyPath: m_Interpolate
      value: 1
      objectReference: {fileID: 0}
    - target: {fileID: 5260698609295765355, guid: 3dfb573158635c648adeb917de7d56a7,
        type: 3}
      propertyPath: m_SleepingMode
      value: 0
      objectReference: {fileID: 0}
    - target: {fileID: 5260698609295765355, guid: 3dfb573158635c648adeb917de7d56a7,
        type: 3}
      propertyPath: m_CollisionDetection
      value: 1
      objectReference: {fileID: 0}
    - target: {fileID: 5260698609295765364, guid: 3dfb573158635c648adeb917de7d56a7,
        type: 3}
      propertyPath: m_Name
      value: Player
      objectReference: {fileID: 0}
    m_RemovedComponents: []
  m_SourcePrefab: {fileID: 100100000, guid: 3dfb573158635c648adeb917de7d56a7, type: 3}
--- !u!1 &1180673111 stripped
GameObject:
  m_CorrespondingSourceObject: {fileID: 3983453172574399216, guid: 7e82f3f8cd898064d885ca038ebe727f,
    type: 3}
  m_PrefabInstance: {fileID: 3983453173685456551}
  m_PrefabAsset: {fileID: 0}
--- !u!1001 &1799926912
PrefabInstance:
  m_ObjectHideFlags: 0
  serializedVersion: 2
  m_Modification:
    m_TransformParent: {fileID: 0}
    m_Modifications:
    - target: {fileID: 293904975915630684, guid: 2f59bdc02380ad14ea825c1c623ca545,
        type: 3}
      propertyPath: m_RootOrder
      value: 1
      objectReference: {fileID: 0}
    - target: {fileID: 293904975915630684, guid: 2f59bdc02380ad14ea825c1c623ca545,
        type: 3}
      propertyPath: m_LocalPosition.x
      value: 1.4820057
      objectReference: {fileID: 0}
    - target: {fileID: 293904975915630684, guid: 2f59bdc02380ad14ea825c1c623ca545,
        type: 3}
      propertyPath: m_LocalPosition.y
      value: 3.0174575
      objectReference: {fileID: 0}
    - target: {fileID: 293904975915630684, guid: 2f59bdc02380ad14ea825c1c623ca545,
        type: 3}
      propertyPath: m_LocalPosition.z
      value: 0
      objectReference: {fileID: 0}
    - target: {fileID: 293904975915630684, guid: 2f59bdc02380ad14ea825c1c623ca545,
        type: 3}
      propertyPath: m_LocalRotation.w
      value: 1
      objectReference: {fileID: 0}
    - target: {fileID: 293904975915630684, guid: 2f59bdc02380ad14ea825c1c623ca545,
        type: 3}
      propertyPath: m_LocalRotation.x
      value: 0
      objectReference: {fileID: 0}
    - target: {fileID: 293904975915630684, guid: 2f59bdc02380ad14ea825c1c623ca545,
        type: 3}
      propertyPath: m_LocalRotation.y
      value: 0
      objectReference: {fileID: 0}
    - target: {fileID: 293904975915630684, guid: 2f59bdc02380ad14ea825c1c623ca545,
        type: 3}
      propertyPath: m_LocalRotation.z
      value: 0
      objectReference: {fileID: 0}
    - target: {fileID: 293904975915630684, guid: 2f59bdc02380ad14ea825c1c623ca545,
        type: 3}
      propertyPath: m_LocalEulerAnglesHint.x
      value: 0
      objectReference: {fileID: 0}
    - target: {fileID: 293904975915630684, guid: 2f59bdc02380ad14ea825c1c623ca545,
        type: 3}
      propertyPath: m_LocalEulerAnglesHint.y
      value: 0
      objectReference: {fileID: 0}
    - target: {fileID: 293904975915630684, guid: 2f59bdc02380ad14ea825c1c623ca545,
        type: 3}
      propertyPath: m_LocalEulerAnglesHint.z
      value: 0
      objectReference: {fileID: 0}
    - target: {fileID: 7801997610905773389, guid: 2f59bdc02380ad14ea825c1c623ca545,
        type: 3}
      propertyPath: m_Name
      value: WinterMini
      objectReference: {fileID: 0}
    - target: {fileID: 7801997610905773389, guid: 2f59bdc02380ad14ea825c1c623ca545,
        type: 3}
      propertyPath: m_IsActive
      value: 0
      objectReference: {fileID: 0}
    m_RemovedComponents: []
  m_SourcePrefab: {fileID: 100100000, guid: 2f59bdc02380ad14ea825c1c623ca545, type: 3}
--- !u!1 &1799926913 stripped
GameObject:
  m_CorrespondingSourceObject: {fileID: 7801997610905773389, guid: 2f59bdc02380ad14ea825c1c623ca545,
    type: 3}
  m_PrefabInstance: {fileID: 1799926912}
  m_PrefabAsset: {fileID: 0}
--- !u!1 &1829157205
GameObject:
  m_ObjectHideFlags: 0
  m_CorrespondingSourceObject: {fileID: 0}
  m_PrefabInstance: {fileID: 0}
  m_PrefabAsset: {fileID: 0}
  serializedVersion: 6
  m_Component:
  - component: {fileID: 1829157208}
  - component: {fileID: 1829157207}
  - component: {fileID: 1829157206}
  m_Layer: 0
  m_Name: Main Camera
  m_TagString: MainCamera
  m_Icon: {fileID: 0}
  m_NavMeshLayer: 0
  m_StaticEditorFlags: 0
  m_IsActive: 1
--- !u!81 &1829157206
AudioListener:
  m_ObjectHideFlags: 0
  m_CorrespondingSourceObject: {fileID: 0}
  m_PrefabInstance: {fileID: 0}
  m_PrefabAsset: {fileID: 0}
  m_GameObject: {fileID: 1829157205}
  m_Enabled: 1
--- !u!20 &1829157207
Camera:
  m_ObjectHideFlags: 0
  m_CorrespondingSourceObject: {fileID: 0}
  m_PrefabInstance: {fileID: 0}
  m_PrefabAsset: {fileID: 0}
  m_GameObject: {fileID: 1829157205}
  m_Enabled: 1
  serializedVersion: 2
  m_ClearFlags: 1
  m_BackGroundColor: {r: 0.19215687, g: 0.3019608, b: 0.4745098, a: 0}
  m_projectionMatrixMode: 1
  m_GateFitMode: 2
  m_FOVAxisMode: 0
  m_SensorSize: {x: 36, y: 24}
  m_LensShift: {x: 0, y: 0}
  m_FocalLength: 50
  m_NormalizedViewPortRect:
    serializedVersion: 2
    x: 0
    y: 0
    width: 1
    height: 1
  near clip plane: 0.3
  far clip plane: 1000
  field of view: 60
  orthographic: 1
  orthographic size: 5
  m_Depth: -1
  m_CullingMask:
    serializedVersion: 2
    m_Bits: 4294967295
  m_RenderingPath: -1
  m_TargetTexture: {fileID: 0}
  m_TargetDisplay: 0
  m_TargetEye: 3
  m_HDR: 1
  m_AllowMSAA: 1
  m_AllowDynamicResolution: 0
  m_ForceIntoRT: 0
  m_OcclusionCulling: 1
  m_StereoConvergence: 10
  m_StereoSeparation: 0.022
--- !u!4 &1829157208
Transform:
  m_ObjectHideFlags: 0
  m_CorrespondingSourceObject: {fileID: 0}
  m_PrefabInstance: {fileID: 0}
  m_PrefabAsset: {fileID: 0}
  m_GameObject: {fileID: 1829157205}
  m_LocalRotation: {x: 0, y: 0, z: 0, w: 1}
  m_LocalPosition: {x: 0, y: 0, z: -10}
  m_LocalScale: {x: 1, y: 1, z: 1}
  m_Children: []
  m_Father: {fileID: 0}
  m_RootOrder: 0
  m_LocalEulerAnglesHint: {x: 0, y: 0, z: 0}
--- !u!1001 &1936914099
PrefabInstance:
  m_ObjectHideFlags: 0
  serializedVersion: 2
  m_Modification:
    m_TransformParent: {fileID: 0}
    m_Modifications:
    - target: {fileID: 167013833444483281, guid: 709f83000b269144b958dec575dcc5d3,
        type: 3}
      propertyPath: m_Name
      value: 'WinterTitle4Double '
      objectReference: {fileID: 0}
    - target: {fileID: 7223941502257926504, guid: 709f83000b269144b958dec575dcc5d3,
        type: 3}
      propertyPath: m_RootOrder
      value: 6
      objectReference: {fileID: 0}
    - target: {fileID: 7223941502257926504, guid: 709f83000b269144b958dec575dcc5d3,
        type: 3}
      propertyPath: m_LocalPosition.x
      value: -5.9700084
      objectReference: {fileID: 0}
    - target: {fileID: 7223941502257926504, guid: 709f83000b269144b958dec575dcc5d3,
        type: 3}
      propertyPath: m_LocalPosition.y
      value: -2.349737
      objectReference: {fileID: 0}
    - target: {fileID: 7223941502257926504, guid: 709f83000b269144b958dec575dcc5d3,
        type: 3}
      propertyPath: m_LocalPosition.z
      value: 0
      objectReference: {fileID: 0}
    - target: {fileID: 7223941502257926504, guid: 709f83000b269144b958dec575dcc5d3,
        type: 3}
      propertyPath: m_LocalRotation.w
      value: 1
      objectReference: {fileID: 0}
    - target: {fileID: 7223941502257926504, guid: 709f83000b269144b958dec575dcc5d3,
        type: 3}
      propertyPath: m_LocalRotation.x
      value: 0
      objectReference: {fileID: 0}
    - target: {fileID: 7223941502257926504, guid: 709f83000b269144b958dec575dcc5d3,
        type: 3}
      propertyPath: m_LocalRotation.y
      value: 0
      objectReference: {fileID: 0}
    - target: {fileID: 7223941502257926504, guid: 709f83000b269144b958dec575dcc5d3,
        type: 3}
      propertyPath: m_LocalRotation.z
      value: 0
      objectReference: {fileID: 0}
    - target: {fileID: 7223941502257926504, guid: 709f83000b269144b958dec575dcc5d3,
        type: 3}
      propertyPath: m_LocalEulerAnglesHint.x
      value: 0
      objectReference: {fileID: 0}
    - target: {fileID: 7223941502257926504, guid: 709f83000b269144b958dec575dcc5d3,
        type: 3}
      propertyPath: m_LocalEulerAnglesHint.y
      value: 0
      objectReference: {fileID: 0}
    - target: {fileID: 7223941502257926504, guid: 709f83000b269144b958dec575dcc5d3,
        type: 3}
      propertyPath: m_LocalEulerAnglesHint.z
      value: 0
      objectReference: {fileID: 0}
    m_RemovedComponents: []
  m_SourcePrefab: {fileID: 100100000, guid: 709f83000b269144b958dec575dcc5d3, type: 3}
--- !u!1 &1947385293
GameObject:
  m_ObjectHideFlags: 0
  m_CorrespondingSourceObject: {fileID: 0}
  m_PrefabInstance: {fileID: 0}
  m_PrefabAsset: {fileID: 0}
  serializedVersion: 6
  m_Component:
  - component: {fileID: 1947385295}
  - component: {fileID: 1947385294}
  m_Layer: 0
  m_Name: NewBackground2048x1536
  m_TagString: Untagged
  m_Icon: {fileID: 0}
  m_NavMeshLayer: 0
  m_StaticEditorFlags: 0
  m_IsActive: 1
--- !u!212 &1947385294
SpriteRenderer:
  m_ObjectHideFlags: 0
  m_CorrespondingSourceObject: {fileID: 0}
  m_PrefabInstance: {fileID: 0}
  m_PrefabAsset: {fileID: 0}
  m_GameObject: {fileID: 1947385293}
  m_Enabled: 1
  m_CastShadows: 0
  m_ReceiveShadows: 0
  m_DynamicOccludee: 1
  m_MotionVectors: 1
  m_LightProbeUsage: 1
  m_ReflectionProbeUsage: 1
  m_RayTracingMode: 0
  m_RenderingLayerMask: 1
  m_RendererPriority: 0
  m_Materials:
  - {fileID: 10754, guid: 0000000000000000f000000000000000, type: 0}
  m_StaticBatchInfo:
    firstSubMesh: 0
    subMeshCount: 0
  m_StaticBatchRoot: {fileID: 0}
  m_ProbeAnchor: {fileID: 0}
  m_LightProbeVolumeOverride: {fileID: 0}
  m_ScaleInLightmap: 1
  m_ReceiveGI: 1
  m_PreserveUVs: 0
  m_IgnoreNormalsForChartDetection: 0
  m_ImportantGI: 0
  m_StitchLightmapSeams: 1
  m_SelectedEditorRenderState: 0
  m_MinimumChartSize: 4
  m_AutoUVMaxDistance: 0.5
  m_AutoUVMaxAngle: 89
  m_LightmapParameters: {fileID: 0}
  m_SortingLayerID: 0
  m_SortingLayer: 0
  m_SortingOrder: 0
  m_Sprite: {fileID: 21300000, guid: 1fca858e6a4b42b4e89903d4daa662c7, type: 3}
  m_Color: {r: 1, g: 1, b: 1, a: 1}
  m_FlipX: 0
  m_FlipY: 0
  m_DrawMode: 0
  m_Size: {x: 20.48, y: 15.37}
  m_AdaptiveModeThreshold: 0.5
  m_SpriteTileMode: 0
  m_WasSpriteAssigned: 1
  m_MaskInteraction: 0
  m_SpriteSortPoint: 0
--- !u!4 &1947385295
Transform:
  m_ObjectHideFlags: 0
  m_CorrespondingSourceObject: {fileID: 0}
  m_PrefabInstance: {fileID: 0}
  m_PrefabAsset: {fileID: 0}
  m_GameObject: {fileID: 1947385293}
  m_LocalRotation: {x: 0, y: 0, z: 0, w: 1}
  m_LocalPosition: {x: 1.3512573, y: -0.45855713, z: 0}
  m_LocalScale: {x: 1, y: 1, z: 1}
  m_Children: []
  m_Father: {fileID: 0}
  m_RootOrder: 8
  m_LocalEulerAnglesHint: {x: 0, y: 0, z: 0}
--- !u!1001 &3983453173685456551
PrefabInstance:
  m_ObjectHideFlags: 0
  serializedVersion: 2
  m_Modification:
    m_TransformParent: {fileID: 0}
    m_Modifications:
    - target: {fileID: 3983453172574399216, guid: 7e82f3f8cd898064d885ca038ebe727f,
        type: 3}
      propertyPath: m_Name
      value: CanvasChestBlue
      objectReference: {fileID: 0}
    - target: {fileID: 3983453172574399228, guid: 7e82f3f8cd898064d885ca038ebe727f,
        type: 3}
      propertyPath: m_Pivot.x
      value: 0
      objectReference: {fileID: 0}
    - target: {fileID: 3983453172574399228, guid: 7e82f3f8cd898064d885ca038ebe727f,
        type: 3}
      propertyPath: m_Pivot.y
      value: 0
      objectReference: {fileID: 0}
    - target: {fileID: 3983453172574399228, guid: 7e82f3f8cd898064d885ca038ebe727f,
        type: 3}
      propertyPath: m_RootOrder
      value: 7
      objectReference: {fileID: 0}
    - target: {fileID: 3983453172574399228, guid: 7e82f3f8cd898064d885ca038ebe727f,
        type: 3}
      propertyPath: m_AnchorMax.x
      value: 0
      objectReference: {fileID: 0}
    - target: {fileID: 3983453172574399228, guid: 7e82f3f8cd898064d885ca038ebe727f,
        type: 3}
      propertyPath: m_AnchorMax.y
      value: 0
      objectReference: {fileID: 0}
    - target: {fileID: 3983453172574399228, guid: 7e82f3f8cd898064d885ca038ebe727f,
        type: 3}
      propertyPath: m_AnchorMin.x
      value: 0
      objectReference: {fileID: 0}
    - target: {fileID: 3983453172574399228, guid: 7e82f3f8cd898064d885ca038ebe727f,
        type: 3}
      propertyPath: m_AnchorMin.y
      value: 0
      objectReference: {fileID: 0}
    - target: {fileID: 3983453172574399228, guid: 7e82f3f8cd898064d885ca038ebe727f,
        type: 3}
      propertyPath: m_SizeDelta.x
      value: 0
      objectReference: {fileID: 0}
    - target: {fileID: 3983453172574399228, guid: 7e82f3f8cd898064d885ca038ebe727f,
        type: 3}
      propertyPath: m_SizeDelta.y
      value: 0
      objectReference: {fileID: 0}
    - target: {fileID: 3983453172574399228, guid: 7e82f3f8cd898064d885ca038ebe727f,
        type: 3}
      propertyPath: m_LocalPosition.x
      value: 0
      objectReference: {fileID: 0}
    - target: {fileID: 3983453172574399228, guid: 7e82f3f8cd898064d885ca038ebe727f,
        type: 3}
      propertyPath: m_LocalPosition.y
      value: 0
      objectReference: {fileID: 0}
    - target: {fileID: 3983453172574399228, guid: 7e82f3f8cd898064d885ca038ebe727f,
        type: 3}
      propertyPath: m_LocalPosition.z
      value: 0
      objectReference: {fileID: 0}
    - target: {fileID: 3983453172574399228, guid: 7e82f3f8cd898064d885ca038ebe727f,
        type: 3}
      propertyPath: m_LocalRotation.w
      value: 1
      objectReference: {fileID: 0}
    - target: {fileID: 3983453172574399228, guid: 7e82f3f8cd898064d885ca038ebe727f,
        type: 3}
      propertyPath: m_LocalRotation.x
      value: 0
      objectReference: {fileID: 0}
    - target: {fileID: 3983453172574399228, guid: 7e82f3f8cd898064d885ca038ebe727f,
        type: 3}
      propertyPath: m_LocalRotation.y
      value: 0
      objectReference: {fileID: 0}
    - target: {fileID: 3983453172574399228, guid: 7e82f3f8cd898064d885ca038ebe727f,
        type: 3}
      propertyPath: m_LocalRotation.z
      value: 0
      objectReference: {fileID: 0}
    - target: {fileID: 3983453172574399228, guid: 7e82f3f8cd898064d885ca038ebe727f,
        type: 3}
      propertyPath: m_AnchoredPosition.x
      value: 0
      objectReference: {fileID: 0}
    - target: {fileID: 3983453172574399228, guid: 7e82f3f8cd898064d885ca038ebe727f,
        type: 3}
      propertyPath: m_AnchoredPosition.y
      value: 0
      objectReference: {fileID: 0}
    - target: {fileID: 3983453172574399228, guid: 7e82f3f8cd898064d885ca038ebe727f,
        type: 3}
      propertyPath: m_LocalEulerAnglesHint.x
      value: 0
      objectReference: {fileID: 0}
    - target: {fileID: 3983453172574399228, guid: 7e82f3f8cd898064d885ca038ebe727f,
        type: 3}
      propertyPath: m_LocalEulerAnglesHint.y
      value: 0
      objectReference: {fileID: 0}
    - target: {fileID: 3983453172574399228, guid: 7e82f3f8cd898064d885ca038ebe727f,
        type: 3}
      propertyPath: m_LocalEulerAnglesHint.z
      value: 0
      objectReference: {fileID: 0}
    m_RemovedComponents: []
  m_SourcePrefab: {fileID: 100100000, guid: 7e82f3f8cd898064d885ca038ebe727f, type: 3}
